<record><leader>00000cas a22000007a 4500</leader><controlfield tag="001">36108357</controlfield><controlfield tag="008">961218d19101910okudr n       0    0eng d</controlfield><datafield ind1=" " ind2=" " tag="010"><subfield code="a">sn 96093315 </subfield></datafield><datafield ind1=" " ind2=" " tag="040"><subfield code="a">OBN</subfield><subfield code="b">eng</subfield><subfield code="c">OBN</subfield><subfield code="d">OCLCQ</subfield><subfield code="d">OCLCF</subfield><subfield code="d">OCLCO</subfield></datafield><datafield ind1="1" ind2=" " tag="029"><subfield code="a">AU@</subfield><subfield code="b">000013023307</subfield></datafield><datafield ind1=" " ind2=" " tag="042"><subfield code="a">msc</subfield></datafield><datafield ind1="0" ind2=" " tag="130"><subfield code="a">Daily American (Afton, Okla.)</subfield></datafield><datafield ind1="0" ind2="4" tag="245"><subfield code="a">The daily American.</subfield></datafield><datafield ind1=" " ind2=" " tag="260"><subfield code="a">Afton, Ottawa County, Okla. :</subfield><subfield code="b">E.P. Martin</subfield></datafield><datafield ind1=" " ind2=" " tag="300"><subfield code="a">v.</subfield></datafield><datafield ind1=" " ind2=" " tag="310"><subfield code="a">Daily</subfield></datafield><datafield ind1="0" ind2=" " tag="362"><subfield code="a">Vol. 1, no. 1 (Sep. 10, 1910)-</subfield></datafield><datafield ind1="1" ind2=" " tag="362"><subfield code="a">Ceased in Sep. 1910.</subfield></datafield><datafield ind1=" " ind2="0" tag="651"><subfield code="a">Afton (Okla.)</subfield><subfield code="v">Newspapers.</subfield></datafield><datafield ind1=" " ind2="0" tag="651"><subfield code="a">Ottawa County (Okla.)</subfield><subfield code="v">Newspapers.</subfield></datafield><datafield ind1=" " ind2="7" tag="655"><subfield code="a">Newspapers.</subfield><subfield code="2">fast</subfield><subfield code="0">(OCoLC)fst01423814</subfield></datafield><datafield ind1=" " ind2="7" tag="651"><subfield code="a">Oklahoma</subfield><subfield code="z">Afton.</subfield><subfield code="2">fast</subfield><subfield code="0">(OCoLC)fst01253706</subfield></datafield><datafield ind1=" " ind2="7" tag="651"><subfield code="a">Oklahoma</subfield><subfield code="z">Ottawa County.</subfield><subfield code="2">fast</subfield><subfield code="0">(OCoLC)fst01223116</subfield></datafield><datafield ind1=" " ind2=" " tag="752"><subfield code="a">United States</subfield><subfield code="b">Oklahoma</subfield><subfield code="c">Ottawa</subfield><subfield code="d">Afton.</subfield></datafield><datafield ind1="0" ind2=" " tag="775"><subfield code="t">Afton American</subfield><subfield code="w">(DLC)sn 96093314</subfield><subfield code="w">(OCoLC)36108282</subfield></datafield><datafield ind1="0" ind2="0" tag="785"><subfield code="t">Daily Afton American</subfield><subfield code="w">(DLC)sn 96093316</subfield><subfield code="w">(OCoLC)36108422</subfield></datafield></record>